@online{AlpStacks24,
  title = {Stacks and {{Moduli}}},
  author = {Alper, Jador},
  date = {2024},
  pubstate = {preprint},
  file = {/Users/dot/Zotero/storage/V22T4XK5/AlpStacks24.pdf}
}

@book{BDChiral04,
  title = {Chiral {{Algebras}}},
  author = {Beilinson, Alexander and Drinfeld, Vladimir},
  date = {2004},
  series = {Colloquium {{Publications}}},
  number = {51},
  publisher = {American Mathematical Society},
  isbn = {978-1-4704-3197-6},
  keywords = {factAlg},
  file = {/Users/dot/Zotero/storage/YWYBC7LA/BDChiral04.pdf}
}

@book{BerIntroduction87,
  title = {Introduction to {{Superanalysis}}},
  author = {Berezin, F. A.},
  date = {1987},
  series = {Mathematical {{Physics}} and {{Applied Mathematics}}},
  number = {9},
  publisher = {Springer Science+Business Media},
  doi = {10.1007/978-94-017-1963-6},
  file = {/Users/dot/Zotero/storage/Y6ZI9PLK/BerIntroduction87.pdf}
}

@book{BGVHeat96,
  title = {Heat {{Kernels}} and {{Dirac Operators}}},
  author = {Berline, Nicole and Getzler, Ezra and Vergne, Mich\`ele},
  date = {1996},
  edition = {1},
  publisher = {Springer-Verlag},
  doi = {10.1007/978-3-642-58088-8},
  isbn = {978-3-540-20062-8},
  file = {/Users/dot/Zotero/storage/9TSB8BDS/BGVHeat96.pdf}
}

@book{BPIntroduction09,
  title = {Introduction to {{Conformal Field Theory}}: {{With Applications}} to {{String Theory}}},
  author = {Blumenhagen, R. and Plauschinn, E.},
  date = {2009},
  series = {Lecture {{Notes}} in {{Physics}}},
  number = {779},
  publisher = {Springer-Verlag},
  doi = {10.1007/978-3-642-00450-6},
  file = {/Users/dot/Zotero/storage/EPY4SNMU/BPIntroduction09.pdf}
}

@book{CCFMathematical11,
  title = {Mathematical {{Foundations}} of {{Supersymmetry}}},
  author = {Carmeli, Claudio and Caston, Lauren and Fioresi, Rita},
  date = {2011},
  series = {{{EMS Series}} of {{Lectures}} in {{Mathematics}}},
  publisher = {European Mathematical Society},
  isbn = {978-3-03719-097-5},
  file = {/Users/dot/Zotero/storage/K99FRZXC/CCFMathematical11.pdf}
}

@book{CGFactorization17,
  title = {Factorization {{Algebras}} in {{Quantum Field Theory}}},
  author = {Costello, Kevin and Gwilliam, Owen},
  date = {2017},
  series = {New {{Mathematical Monographs}}},
  volume = {1},
  number = {31},
  publisher = {Cambridge University Press},
  doi = {10.1017/9781316678626},
  keywords = {factAlg},
  file = {/Users/dot/Zotero/storage/TXUHMMJE/CGFactorization17.pdf}
}

@book{CGFactorization21,
  title = {Factorization {{Algebras}} in {{Quantum Field Theory}}},
  author = {Costello, Kevin and Gwilliam, Owen},
  date = {2021},
  series = {New {{Mathematical Monographs}}},
  volume = {2},
  number = {41},
  publisher = {Cambridge University Press},
  doi = {10.1017/9781316678664},
  keywords = {factAlg},
  file = {/Users/dot/Zotero/storage/AXTSU8LK/CGFactorization21.pdf}
}

@book{CosRenormalization11,
  title = {Renormalization and {{Effective Field Theory}}},
  author = {Costello, Kevin},
  date = {2011},
  series = {Mathematical {{Surveys}} and {{Monographs}}},
  number = {170},
  publisher = {American Mathematical Society},
  isbn = {978-0-8218-5288-0},
  keywords = {factAlg},
  file = {/Users/dot/Zotero/storage/I69TRGWS/CosRenormalization11.pdf}
}

@book{DEF+Quantum99,
  title = {Quantum {{Strings}} and {{Fields}}: {{A Course}} for {{Mathematicians}}},
  editor = {Deligne, Pierre and Etingof, Pavel and Freed, Daniel S. and Jeffrey, Lisa C. and Kazhdan, David and Morgan, John W. and Morrison, David R. and Witten, Edward},
  date = {1999},
  volume = {1},
  publisher = {American Mathematical Society},
  isbn = {0-8218-1987-9},
  file = {/Users/dot/Zotero/storage/3U2UFBBD/DEF+Quantum99.pdf}
}

@book{DEF+Quantum99a,
  title = {Quantum {{Strings}} and {{Fields}}: {{A Course}} for {{Mathematicians}}},
  editor = {Deligne, Pierre and Etingof, Pavel and Freed, Daniel S. and Jeffrey, Lisa C. and Kazhdan, David and Morgan, John W. and Morrison, David R. and Witten, Edward},
  date = {1999},
  volume = {2},
  publisher = {American Mathematical Society},
  isbn = {0-8218-1988-7},
  file = {/Users/dot/Zotero/storage/4JB9XEP9/DEF+Quantum99a.pdf}
}

@article{EWYAsymptotic18,
  title = {Asymptotic {{Freedom}} in the {{BV Formalism}}},
  author = {Elliot, Chris and Williams, Brian and Yoo, Philsang},
  date = {2018},
  journaltitle = {Journal of Geometry and Physics},
  volume = {123},
  pages = {246--283},
  issn = {0393-0440},
  doi = {10.1016/j.geomphys.2017.08.009},
  file = {/Users/dot/Zotero/storage/W8SEK7KL/EWYAsymptotic18.pdf}
}

@incollection{FanStacks01,
  title = {Stacks for {{Everybody}}},
  booktitle = {European {{Congress}} of {{Mathematics}}},
  author = {Fantechi, Barbara},
  date = {2001},
  pages = {349--359},
  publisher = {Birkh\"auser Basel},
  doi = {10.1007/978-3-0348-8268-2_20},
  isbn = {978-3-0348-9497-5},
  langid = {english},
  file = {/Users/dot/Zotero/storage/6KCFL6ZT/FanStacks01.pdf}
}

@book{FBVertex04,
  title = {Vertex {{Algebras}} and {{Algebraic Curves}}},
  author = {Frenkel, Edward and Ben-Zvi, David},
  date = {2004},
  series = {Mathematical {{Surveys}} and {{Monographs}}},
  edition = {2},
  number = {88},
  publisher = {American Mathematical Society},
  isbn = {0-8218-2894-0},
  file = {/Users/dot/Zotero/storage/66YDUIZ5/FBVertex04.pdf}
}

@book{FHTRational01,
  title = {Rational {{Homotopy Theory}}},
  author = {F\'elix, Yves and Halperin, Stephen and Thomas, Jean-Claude},
  date = {2001},
  series = {Graduate {{Texts}} in {{Mathematics}}},
  number = {205},
  publisher = {Springer New York},
  doi = {10.1007/978-1-4613-0105-9},
  isbn = {978-1-4613-0105-9},
  file = {/Users/dot/Zotero/storage/HHHFA8VF/FHTRational01.pdf}
}

@thesis{GwiFactorization,
  title = {Factorization Algebras and Free Field Theories},
  author = {Gwilliam, Owen},
  langid = {english},
  file = {/Users/dot/Zotero/storage/YGCBVICB/GwiFactorization.pdf}
}

@book{HKK+Mirror03,
  title = {Mirror Symmetry},
  editor = {Hori, Kentaro and Katz, Sheldon and Klemm, Albrecht and Pandharipande, Rahul and Thomas, Richard and Vafa, Cumrun and Vakil, Ravi and Zaslow, Eric},
  date = {2003},
  series = {Clay {{Mathematics Monographs}}},
  number = {1},
  publisher = {American Mathematical Society},
  isbn = {0-8218-2955-4},
  keywords = {Calabi-Yau manifolds,Geometry Enumerative,Mirror symmetry},
  file = {/Users/dot/Zotero/storage/CWKZGKJC/HKK+Mirror03.pdf}
}

@online{HosGeometric,
  title = {Geometric {{Invariant Theory}} and {{Symplectic Quotients}}},
  author = {Hoskins, Victoria},
  pubstate = {preprint},
  file = {/Users/dot/Zotero/storage/YF7HQY4P/HosGeometric.pdf}
}

@article{JohHomological15,
  title = {Homological {{Perturbation Theory}} for {{Nonperturbative Integrals}}},
  author = {Johnson-Freyd, Theo},
  date = {2015},
  journaltitle = {Lett Math Phys},
  volume = {105},
  number = {11},
  pages = {1605--1632},
  doi = {10.1007/s11005-015-0791-9},
  file = {/Users/dot/Zotero/storage/H32IIPH2/JohHomological15.pdf}
}

@book{KacVertex98,
  title = {Vertex {{Algebras}} for {{Beginners}}},
  author = {Kac, Victor},
  date = {1998},
  series = {University {{Lecture Series}}},
  edition = {2},
  number = {10},
  publisher = {American Mathematical Society},
  isbn = {0-8218-1396-X},
  file = {/Users/dot/Zotero/storage/526P4HVZ/KacVertex98.pdf}
}

@book{MneQuantum19,
  title = {Quantum {{Field Theory}}: {{Batalin}}--{{Vilkovisky Formalism}} and {{Its Applications}}},
  author = {Mnev, Pavel},
  date = {2019},
  series = {University {{Lecture Series}}},
  number = {72},
  publisher = {American Mathematical                     Society},
  isbn = {978-1-4704-5271-1},
  file = {/Users/dot/Zotero/storage/A2QCPL7B/MneQuantum19.pdf}
}

@online{PWKoszul23,
  title = {Koszul Duality in Quantum Field Theory},
  author = {Paquette, Natalie M. and Williams, Brian R.},
  date = {2023},
  eprint = {2110.10257},
  eprinttype = {arxiv},
  eprintclass = {hep-th, physics:math-ph},
  doi = {10.48550/arXiv.2110.10257},
  pubstate = {preprint},
  keywords = {High Energy Physics - Theory,Mathematical Physics},
  file = {/Users/dot/Zotero/storage/L5KQYNZC/PWKoszul23.pdf}
}

@online{WebQuasimaps20,
  title = {Quasimaps and {{Some Examples}} of {{Stacks}} for Everybody},
  author = {Webb, Rachel},
  date = {2020-07-15},
  eprint = {1910.07262},
  eprinttype = {arxiv},
  eprintclass = {math},
  pubstate = {preprint},
  keywords = {14-02,Mathematics - Algebraic Geometry},
  file = {/Users/dot/Zotero/storage/FH98623Q/WebQuasimaps20.pdf}
}

@online{WilLocal24,
  title = {The Local Cohomology of Vector Fields},
  author = {Williams, Brian R.},
  date = {2024},
  eprint = {2405.05174},
  eprinttype = {arxiv},
  eprintclass = {hep-th},
  doi = {10.48550/arXiv.2405.05174},
  pubstate = {preprint},
  keywords = {High Energy Physics - Theory,Mathematics - Algebraic Geometry,Mathematics - Differential Geometry},
  file = {/Users/dot/Zotero/storage/SFLBCNLA/WilLocal24.pdf}
}

@article{WilVirasoro17,
  title = {The {{Virasoro}} Vertex Algebra and Factorization Algebras on {{Riemann}} Surfaces},
  author = {Williams, Brian},
  date = {2017},
  journaltitle = {Lett Math Phys},
  volume = {107},
  pages = {2189--2237},
  doi = {10.1007/s11005-017-0982-7},
  file = {/Users/dot/Zotero/storage/AL7HU7UW/WilVirasoro17.pdf}
}

@online{WitNotes17,
  type = {hep-th},
  title = {Notes {{On Super Riemann Surfaces And Their Moduli}}},
  author = {Witten, Edward},
  date = {2017},
  number = {1209.2459},
  eprint = {1209.2459},
  eprinttype = {arxiv},
  doi = {10.48550/arXiv.1209.2459},
  pubstate = {preprint},
  keywords = {High Energy Physics - Theory,Mathematics - Differential Geometry},
  file = {/Users/dot/Zotero/storage/FKTDWBNN/WitNotes17.pdf}
}

@article{WitPhases93,
  title = {Phases of \${{N}}=2\$ {{Theories In Two Dimensions}}},
  author = {Witten, Edward},
  date = {1993},
  journaltitle = {Nuclear Physics B},
  volume = {403},
  number = {1-2},
  eprint = {hep-th/9301042},
  eprinttype = {arxiv},
  pages = {159--222},
  doi = {10.1016/0550-3213(93)90033-L},
  keywords = {High Energy Physics - Theory},
  file = {/Users/dot/Zotero/storage/G4AW9N47/WitPhases93.pdf}
}
